@article{Poskanzer:1998yz,
      author         = "Poskanzer, Arthur M. and Voloshin, S. A.",
      title          = "{Methods for analyzing anisotropic flow in relativistic
                        nuclear collisions}",
      journal        = "Phys. Rev.",
      volume         = "C58",
      year           = "1998",
      pages          = "1671-1678",
      doi            = "10.1103/PhysRevC.58.1671",
      eprint         = "nucl-ex/9805001",
      archivePrefix  = "arXiv",
      primaryClass   = "nucl-ex",
      SLACcitation   = "%%CITATION = NUCL-EX/9805001;%%"
}

@article{Ollitrault:1992bk,
      author         = "Ollitrault, Jean-Yves",
      title          = "{Anisotropy as a signature of transverse collective
                        flow}",
      journal        = "Phys. Rev.",
      volume         = "D46",
      year           = "1992",
      pages          = "229-245",
      doi            = "10.1103/PhysRevD.46.229",
      reportNumber   = "SACLAY-SPH-T-92-016",
      SLACcitation   = "%%CITATION = PHRVA,D46,229;%%"
}

@article{Ollitrault:1993ba,
      author         = "Ollitrault, Jean-Yves",
      title          = "{Determination of the reaction plane in ultrarelativistic
                        nuclear collisions}",
      journal        = "Phys. Rev.",
      volume         = "D48",
      year           = "1993",
      pages          = "1132-1139",
      doi            = "10.1103/PhysRevD.48.1132",
      eprint         = "hep-ph/9303247",
      archivePrefix  = "arXiv",
      primaryClass   = "hep-ph",
      reportNumber   = "SACLAY-SPH-T-93-026",
      SLACcitation   = "%%CITATION = HEP-PH/9303247;%%"
}

@article{Adams:2004bi,
      author         = "Adams, J. and others",
      title          = "{Azimuthal anisotropy in Au+Au collisions at s(NN)**(1/2)
                        = 200-GeV}",
      collaboration  = "STAR",
      journal        = "Phys. Rev.",
      volume         = "C72",
      year           = "2005",
      pages          = "014904",
      doi            = "10.1103/PhysRevC.72.014904",
      eprint         = "nucl-ex/0409033",
      archivePrefix  = "arXiv",
      primaryClass   = "nucl-ex",
      SLACcitation   = "%%CITATION = NUCL-EX/0409033;%%"
}

@article{Adamczyk:2013waa,
      author         = "Adamczyk, L. and others",
      title          = "{Third Harmonic Flow of Charged Particles in Au+Au
                        Collisions at sqrtsNN = 200 GeV}",
      collaboration  = "STAR",
      journal        = "Phys. Rev.",
      volume         = "C88",
      year           = "2013",
      number         = "1",
      pages          = "014904",
      doi            = "10.1103/PhysRevC.88.014904",
      eprint         = "1301.2187",
      archivePrefix  = "arXiv",
      primaryClass   = "nucl-ex",
      reportNumber   = "LBNL (2013), LBNL-(2013)",
      SLACcitation   = "%%CITATION = ARXIV:1301.2187;%%"
}

@article{Adamczyk:2015ukd,
      author         = "Adamczyk, L. and others",
      title          = "{Centrality and transverse momentum dependence of
                        elliptic flow of multistrange hadrons and $\phi$ meson in
                        Au+Au collisions at $\sqrt{s_{NN}}$ = 200 GeV}",
      collaboration  = "STAR",
      journal        = "Phys. Rev. Lett.",
      volume         = "116",
      year           = "2016",
      number         = "6",
      pages          = "062301",
      doi            = "10.1103/PhysRevLett.116.062301",
      eprint         = "1507.05247",
      archivePrefix  = "arXiv",
      primaryClass   = "nucl-ex",
      SLACcitation   = "%%CITATION = ARXIV:1507.05247;%%"
}